@misc{obstfeld1986rational,
  title={Rational and self-fulfilling balance-of-payments crises},
  author={Maurice Obstfeld},
  year={1986},
  publisher={National Bureau of Economic Research Cambridge, Mass., USA},
}

@book{obstfeld1995logic,
  title={The logic of currency crises},
  author={Maurice Obstfeld},
  year={1995},
  publisher={Springer},
}

@article{obstfeld1996models,
  title={Models of currency crises with self-fulfilling features},
  author={Maurice Obstfeld},
  journal={European economic review},
  volume={40},
  number={3},
  pages={1037--1047},
  year={1996},
  publisher={Elsevier},
}

@article{nakamoto2008bitcoin,
  title={Bitcoin: A Peer-to-Peer Electronic Cash System},
  author={Satoshi Nakamoto},
  year={2008},
  url = {http://bitcoin.org/bitcoin.pdf},
}